@ARTICLE{CokeMachine,
    AUTHOR="Carnegie Mellon",
    TITLE="The ”Only” Coke Machine on the Internet",
    JOURNAL="The Carnegie Mellon University Computer Science Department",
    YEAR="2014"
}
@ARTICLE{VisionsIoT,
    AUTHOR="Guicheng Shen and Bingwu Liu",
    TITLE="The visions, technologies, applications and security issues of Internet of Things",
    JOURNAL="Business and E -Government (ICEE)",
    YEAR="2011",
    PAGES="1-4",
}
@ARTICLE{FutureInternet,
    AUTHOR="Rafiullah Khan and Sarmad Ullah Khan and Rifaqat Zaheer and Shahid Khan",
    TITLE="Future Internet: The Internet of Things Architecture, Possible Applications and Key Challenges",
    JOURNAL="in Proceedings of Frontiers of Information Technology (FIT)",
    YEAR="2012",
    PAGES="257-260",
}
@ARTICLE{SecurityIoT,
    AUTHOR="Lan Li",
    TITLE="Study of Security Architecture in the Internet of Things",
    JOURNAL="in Measurement, Information and Control (MIC)",
    YEAR="2012",
    VOLUME="1",
    PAGES="374-377",
}
@ARTICLE{TechnologyFrameworkIoT,
    AUTHOR="Ying Zhang",
    TITLE="Technology Framework of the Internet of Things and Its Application",
    JOURNAL="in Electrical and Control Engineering (ICECE)",
    YEAR="2011",
    PAGES="4109-4112",
}
@ARTICLE{AppChallangesIoT,
    AUTHOR="Debasis Bandyopadhyay, Jaydip Sen",
    TITLE="Internet of Things - Applications and Challenges in Technology and Standardization",
    JOURNAL="in Wireless Personal Communications",
    YEAR="2011",
    PAGES="49-69",    
    VOLUME="58",
    NUMBER="1"
}
@ARTICLE{SecurityIssuesWireless,
    AUTHOR="Y.Wang, G.Attebury And B.Ramamurthy",
    TITLE="A Survey on Security Issues in Wireless Sensor Networks",
    JOURNAL="in IEEE communications Survey and Tutorials",
    YEAR="2nd Quarter 2006",
}
@ARTICLE{SecurityCloudComputing,
    AUTHOR="V. Ashktorab, S.R.Taghizadeh",
    TITLE="Security Threats and Countermeasures in Cloud Computing",
    JOURNAL="in International Journal of Application or Innovation in Engineering and Management (IJAIEM)",
    YEAR="Oct’12",  
    VOLUME="1",
    NUMBER="2"
}
@ARTICLE{ArchitectureIoT,
    AUTHOR="Xu Cheng, Minghui Zhang, Fuquan Sun",
    TITLE="Architecture of internet of things and its key technology integration based-on RFID",
    JOURNAL="in Fifth International Symposium on Computational Intelligence and Design",
    YEAR="2012",
    PAGES=" 294-297",    
}
@ARTICLE{AReViewOnInternetOfThings,
    AUTHOR="M.U. Farooq and Muhammad Waseem and Sadia Mazhar and Anjum Khairi and Talha Kamal",
    TITLE="A Review on Internet of Things (IoT)",
    JOURNAL="International Journal of Computer Applications (0975 8887)",
    YEAR="March 2015",
    VOLUME="113",
    NUMBER="1"
}