@ARTICLE{CokeMachine,
    AUTHOR="Carnegie Mellon",
    TITLE="The ”Only” Coke Machine on the Internet",
    JOURNAL="The Carnegie Mellon University Computer Science Department",
    YEAR="2014"
}
@ARTICLE{SecurityIssuesWireless,
    AUTHOR="Y.Wang, G.Attebury And B.Ramamurthy",
    TITLE="A Survey on Security Issues in Wireless Sensor Networks",
    JOURNAL="in IEEE communications Survey and Tutorials",
    YEAR="2006",
}
@ARTICLE{SecurityCloudComputing,
    AUTHOR="V. Ashktorab, S.R.Taghizadeh",
    TITLE="Security Threats and Countermeasures in Cloud Computing",
    JOURNAL="in International Journal of Application or Innovation in Engineering and Management (IJAIEM)",
    YEAR="Oct’12",  
    VOLUME="1",
    NUMBER="2"
}
@ARTICLE{ArchitectureIoT,
    AUTHOR="Xu Cheng, Minghui Zhang, Fuquan Sun",
    TITLE="Architecture of internet of things and its key technology integration based-on RFID",
    JOURNAL="in Fifth International Symposium on Computational Intelligence and Design",
    YEAR="2012",
    PAGES=" 294-297",    
}
@ARTICLE{AReViewOnInternetOfThings,
    AUTHOR="M.U. Farooq and Muhammad Waseem and Sadia Mazhar and Anjum Khairi and Talha Kamal",
    TITLE="A Review on Internet of Things (IoT)",
    JOURNAL="International Journal of Computer Applications (0975 8887)",
    YEAR="2015",
    VOLUME="113",
    NUMBER="1"
}